<record><leader>00000cas a22000007a 4500</leader><controlfield tag="001">25618541</controlfield><controlfield tag="008">920409c19439999ncucr ne      0    0eng d</controlfield><datafield ind1=" " ind2=" " tag="010"><subfield code="a">sn 92061512 </subfield></datafield><datafield ind1=" " ind2=" " tag="040"><subfield code="a">NYS</subfield><subfield code="b">eng</subfield><subfield code="c">NYS</subfield><subfield code="d">NVJ</subfield><subfield code="d">OCLCQ</subfield></datafield><datafield ind1=" " ind2=" " tag="042"><subfield code="a">msc</subfield></datafield><datafield ind1="0" ind2=" " tag="130"><subfield code="a">Courier-times (Roxboro, N.C.)</subfield></datafield><datafield ind1="1" ind2="4" tag="245"><subfield code="a">The courier-times.</subfield></datafield><datafield ind1=" " ind2=" " tag="260"><subfield code="a">Roxboro, N.C. :</subfield><subfield code="b">Courier-Times Pub. Co.</subfield></datafield><datafield ind1=" " ind2=" " tag="300"><subfield code="a">v.</subfield></datafield><datafield ind1=" " ind2=" " tag="310"><subfield code="a">Semiweekly</subfield></datafield><datafield ind1="0" ind2=" " tag="362"><subfield code="a">Vol. 1, no. 1 (Oct. 18, 1943)-v. 71, no. 104 (Jan. 5, 1953) ; 72nd yr., no. 1 (Jan. 8, 1953)-</subfield></datafield><datafield ind1=" " ind2="4" tag="651"><subfield code="a">Roxboro (N.C.)</subfield><subfield code="v">Newspapers.</subfield></datafield><datafield ind1=" " ind2=" " tag="752"><subfield code="a">United States</subfield><subfield code="b">North Carolina</subfield><subfield code="c">Person</subfield><subfield code="d">Roxboro.</subfield></datafield><datafield ind1="0" ind2="4" tag="780"><subfield code="t">Roxboro courier</subfield><subfield code="w">(DLC)sn 92073208</subfield></datafield><datafield ind1="0" ind2="4" tag="780"><subfield code="t">Person County times</subfield><subfield code="w">(DLC)sn 96086016</subfield></datafield><datafield ind1="1" ind2=" " tag="029"><subfield code="a">AU@</subfield><subfield code="b">000020693009</subfield></datafield></record>